101 12105726291721200992105121100C094101ROZA BANK USA          WALL MART                WF    
5220SAMS CLUB BRASILBLUEBIRD            9172120099PPDTransfer        210212   1121057260000047
6220210000891300001006       0000007104123234234234234ANNYLA JONESNYLA        0121057260000081
6220210000891300001006       0000007205123234234234234ANNYLA JONESNYLA        0121057260000082
822000000200042000160000000000000000000143099172120099                        0121057260000047
9000001000001000000020004200016000000000000000000014309                                       
9999999999999999999999999999999999999999999999999999999999999999999999999999999999999999999999
9999999999999999999999999999999999999999999999999999999999999999999999999999999999999999999999
9999999999999999999999999999999999999999999999999999999999999999999999999999999999999999999999
9999999999999999999999999999999999999999999999999999999999999999999999999999999999999999999999